@article{softfloat,
	author    = {Giuseppe Tagliavini and
	Stefan Mach and
	Davide Rossi and
	Andrea Marongiu and
	Luca Benini},
	title     = {A Transprecision Floating-Point Platform for Ultra-Low Power Computing},
	journal   = {CoRR},
	volume    = {},
	year      = {2017},
	url       = {http://arxiv.org/abs/1711.10374},
	archivePrefix = {},
	eprint    = {},
	timestamp = {Mon, 04 Dec 2017 18:34:59 +0100},
	biburl    = {https://dblp.org/rec/bib/journals/corr/abs-1711-10374},
	bibsource = {dblp computer science bibliography, https://dblp.org}
}

@inproceedings{fptaylor,
	author = {Alexey Solovyev and Charles Jacobsen and Zvonimir Rakamari\'c
	and Ganesh Gopalakrishnan},
	title = {Rigorous Estimation of Floating-Point Round-off Errors with
	{Symbolic} {Taylor} {Expansions}},
	booktitle = {Proceedings of the 20th International Symposium on Formal Methods (FM)},
	series = {Lecture Notes in Computer Science},
	volume = {9109},
	publisher = {Springer},
	editor = {Nikolaj Bj{\o}rner and Frank de Boer},
	year = {2015},
	pages = {532--550},
}
@article{magron,
	author    = {Victor Magron and
	George A. Constantinides and
	Alastair F. Donaldson},
	title     = {Certified Roundoff Error Bounds Using Semidefinite Programming},
	journal   = {CoRR},
	volume    = {abs/1507.03331},
	year      = {2015},
	url       = {http://arxiv.org/abs/1507.03331},
	archivePrefix = {arXiv},
	eprint    = {1507.03331},
	timestamp = {Mon, 13 Aug 2018 16:47:25 +0200},
	biburl    = {https://dblp.org/rec/bib/journals/corr/MagronCD15},
	bibsource = {dblp computer science bibliography, https://dblp.org}
}

@inproceedings{precisa,
	author    = {Laura Titolo and
	Marco A. Feli{\'{u}} and
	Mariano M. Moscato and
	C{\'{e}}sar A. Mu{\~{n}}oz},
	title     = {An Abstract Interpretation Framework for the Round-Off Error Analysis
	of Floating-Point Programs},
	booktitle = {Verification, Model Checking, and Abstract Interpretation - 19th International
	Conference, {VMCAI} 2018, Los Angeles, CA, USA, January 7-9, 2018,
	Proceedings},
	pages     = {516--537},
	year      = {2018},
	url       = {https://doi.org/10.1007/978-3-319-73721-8\_24},
	doi       = {10.1007/978-3-319-73721-8\_24},
	timestamp = {Wed, 03 Jan 2018 17:50:22 +0100},
	biburl    = {https://dblp.org/rec/bib/conf/vmcai/TitoloFMM18},
	bibsource = {dblp computer science bibliography, https://dblp.org}
}

@inproceedings{daisy,
	title={Daisy - Framework for Analysis and Optimization of Numerical Programs (Tool Paper)},
	author={Eva Darulova and Anastasiia Izycheva and Fariha Nasir and Fabian Ritter and Heiko Becker and Robert Bastian},
	booktitle={TACAS},
	year={2018}
}

@INPROCEEDINGS{hol,
	author          = "John Harrison",
	title           = "{HOL} {L}ight: An Overview",
	editor          = "Stefan Berghofer and Tobias Nipkow and
	Christian Urban and Makarius Wenzel",
	booktitle       = "Proceedings of the 22nd International Conference on
	Theorem Proving in Higher Order Logics,
	TPHOLs 2009",
	address         = "Munich, Germany",
	year            = 2009,
	publisher       = "Springer-Verlag",
	series          = "Lecture Notes in Computer Science",
	volume          = 5674,
	pages           = "60--66"
}

@inproceedings{mixedLam,
	author = {Lam, Michael O. and Hollingsworth, Jeffrey K. and de Supinski, Bronis R. and Legendre, Matthew P.},
	title = {Automatically Adapting Programs for Mixed-precision Floating-point Computation},
	booktitle = {Proceedings of the 27th International ACM Conference on International Conference on Supercomputing},
	series = {ICS '13},
	year = {2013},
	isbn = {978-1-4503-2130-3},
	location = {Eugene, Oregon, USA},
	pages = {369--378},
	numpages = {10},
	url = {http://doi.acm.org/10.1145/2464996.2465018},
	doi = {10.1145/2464996.2465018},
	acmid = {2465018},
	publisher = {ACM},
	address = {New York, NY, USA},
	keywords = {binary instrumentation, floating-point, mixed precision},
}

@article{herbgrind,
	author    = {Alex Sanchez{-}Stern and
	Pavel Panchekha and
	Sorin Lerner and
	Zachary Tatlock},
	title     = {Finding Root Causes of Floating Point Error with Herbgrind},
	journal   = {CoRR},
	volume    = {abs/1705.10416},
	year      = {2017},
	url       = {http://arxiv.org/abs/1705.10416},
	archivePrefix = {arXiv},
	eprint    = {1705.10416},
	timestamp = {Mon, 13 Aug 2018 16:48:36 +0200},
	biburl    = {https://dblp.org/rec/bib/journals/corr/Sanchez-SternPL17},
	bibsource = {dblp computer science bibliography, https://dblp.org}
}

@article{precimonius,
	author = {Rubio-Gonz√°lez, Cindy and Nguyen, Cuong and Diep Nguyen, Hong and Demmel, James and Kahan, W and Sen, Koushik and Bailey, David and Iancu, Costin and Hough, David},
	year = {2013},
	month = {11},
	pages = {},
	title = {Precimonius: Tuning assistant for floating-point precision},
	isbn = {978-1-4503-2378-9},
	booktitle = {International Conference for High Performance Computing, Networking, Storage and Analysis, SC}
}

@article{ieee, 
	author={}, 
	journal={IEEE Std 754-2008}, 
	title={IEEE Standard for Floating-Point Arithmetic}, 
	year={2008}, 
	volume={}, 
	number={}, 
	pages={1-70}, 
	keywords={floating point arithmetic;IEEE standards;programming;IEEE standard;decimal floating-point arithmetic;computer programming;arithmetic formats;754-2008;arithmetic;binary;computer;decimal;exponent;floating-point;format;interchange;NaN;number;rounding;significand;subnormal}, 
	doi={10.1109/IEEESTD.2008.4610935}, 
	ISSN={}, 
	month={Aug},}

@article{daisyherbie,
	author    = {Heiko Becker and
	Pavel Panchekha and
	Eva Darulova and
	Zachary Tatlock},
	title     = {Combining Tools for Optimization and Analysis of Floating-Point Computations},
	journal   = {CoRR},
	volume    = {abs/1805.02436},
	year      = {2018},
	url       = {http://arxiv.org/abs/1805.02436},
	archivePrefix = {arXiv},
	eprint    = {1805.02436},
	timestamp = {Mon, 13 Aug 2018 16:47:07 +0200},
	biburl    = {https://dblp.org/rec/bib/journals/corr/abs-1805-02436},
	bibsource = {dblp computer science bibliography, https://dblp.org}
}

@inproceedings{herbie,
	author = {Panchekha, Pavel and Sanchez-Stern, Alex and Wilcox, James R. and Tatlock, Zachary},
	title = {Automatically Improving Accuracy for Floating Point Expressions},
	booktitle = {Proceedings of the 36th ACM SIGPLAN Conference on Programming Language Design and Implementation},
	series = {PLDI '15},
	year = {2015},
	isbn = {978-1-4503-3468-6},
	location = {Portland, OR, USA},
	pages = {1--11},
	numpages = {11},
	url = {http://doi.acm.org/10.1145/2737924.2737959},
	doi = {10.1145/2737924.2737959},
	acmid = {2737959},
	publisher = {ACM},
	address = {New York, NY, USA},
	keywords = {Floating point, numerical accuracy, program rewriting},
}
@inproceedings{fptuner,
	author = {Wei-Fan Chiang and Mark Baranowski and Ian Briggs and Alexey Solovyev and
	Ganesh Gopalakrishnan and Zvonimir Rakamari\'c},
	title = {Rigorous Floating-Point Mixed-Precision Tuning},
	booktitle = {Proceedings of the 44th ACM SIGPLAN Symposium on Principles of
	Programming Languages (POPL)},
	publisher = {ACM},
	year = {2017},
	pages = {300--315},
}